@article{yang_optimality_2015,
	title = {On the {Optimality} of {Greedy} {Garbage} {Collection} for {SSDs}},
	volume = {43},
	issn = {0163-5999},
	doi = {10.1145/2825236.2825261},
	number = {2},
	urldate = {2017-02-24},
	journal = {SIGMETRICS Perform. Eval. Rev.},
	author = {Yang, Yudong and Misra, Vishal and Rubenstein, Dan},
	month = sep,
	year = {2015},
	keywords = {obfs},
	pages = {63--65},
}

@inproceedings{wu_envy_1994,
	address = {San Jose, California, United States},
	title = {{eNVy}: a non-volatile, main memory storage system},
	doi = {10.1145/195473.195506},
	booktitle = {Proceedings of the sixth international conference on {Architectural} support for programming languages and operating systems},
	publisher = {ACM},
	author = {Wu, Michael and Zwaenepoel, Willy},
	year = {1994},
	pages = {86--97},
}

@inproceedings{hitz_file_1994,
	address = {San Francisco, California},
	title = {File system design for an {NFS} file server appliance},
	booktitle = {Proceedings of the {USENIX} {Winter} 1994 {Technical} {Conference} on {USENIX} {Winter} 1994 {Technical} {Conference}},
	publisher = {USENIX Association},
	author = {Hitz, Dave and Lau, James and Malcolm, Michael},
	year = {1994},
	pages = {19--19}
}

@inproceedings{lin_dual_2012,
	title = {Dual {Greedy}: {Adaptive} garbage collection for page-mapping solid-state disks},
	doi = {10.1109/date.2012.6176443},
	booktitle = {Design, {Automation} {Test} in {Europe} {Conference} {Exhibition} ({DATE}), 2012},
	author = {Lin, Wen-Huei and Chang, Li-Pin},
	month = mar,
	year = {2012},
	pages = {117 --122},
}

@article{desnoyers_analytic_2014,
	title = {Analytic {Models} of {SSD} {Write} {Performance}},
	volume = {10},
	issn = {1553-3077},
	doi = {10.1145/2577384},
	number = {2},
	urldate = {2014-07-08},
	journal = {ACM Transactions on Storage},
	author = {Desnoyers, Peter},
	month = mar,
	year = {2014},
	pages = {8:1--8:25},
}

@inproceedings{rosenblum_design_1991,
	address = {Pacific Grove, California, United States},
	title = {The design and implementation of a log-structured file system},
	url = {http://dx.doi.org/10.1145/121132.121137},
	booktitle = {13th {ACM} symposium on {Operating} systems principles},
	publisher = {ACM},
	author = {Rosenblum, Mendel and Ousterhout, John K.},
	year = {1991},
	pages = {1--15}
}

@inproceedings{lee_f2fs_2015,
	address = {Santa Clara, CA},
	title = {{F2FS}: a new file system for flash storage},
	isbn = {978-1-931971-20-1},
	booktitle = {Proceedings of the 13th {USENIX} {Conference} on {File} and {Storage} {Technologies}},
	publisher = {USENIX Association},
	author = {Lee, Changman and Sim, Dongho and Hwang, Joo-Young and Cho, Sangyeun},
	year = {2015},
	pages = {273--286}
}

@inproceedings{mickens_blizzard_2014,
	address = {Seattle, WA},
	title = {Blizzard: {Fast}, {Cloud}-scale {Block} {Storage} for {Cloud}-oblivious {Applications}},
	url = {https://www.usenix.org/conference/nsdi14/technical-sessions/presentation/mickens},
	booktitle = {11th {USENIX} {Symposium} on {Networked} {Systems} {Design} and {Implementation} ({NSDI} 14)},
	publisher = {USENIX Association},
	author = {Mickens, James and Nightingale, Edmund B. and Elson, Jeremy and Gehring, Darren and Fan, Bin and Kadav, Asim and Chidambaram, Vijay and Khan, Osama and Nareddy, Krishna},
	month = apr,
	year = {2014},
	pages = {257--273}
}

@misc{kovacs_amazon_2020,
	title = {Amazon {S3} as a {File} {System}? {How} to {Mount} {S3} as {Drive} for {Cloud} {File} {Sharing}},
	url = {https://cloud.netapp.com/blog/amazon-s3-as-a-file-system},
	journal = {NetApp Cloud Central},
	author = {Kovacs, Gali},
	month = oct,
	year = {2020},
}

@inproceedings{jannen_betrfs_2015,
	address = {Santa Clara, CA},
	title = {{BetrFS}: {A} right-optimized write-optimized file system},
	booktitle = {13th {USENIX} conference on file and storage technologies ({FAST} 15)},
	publisher = {USENIX Association},
	author = {Jannen, William and Yuan, Jun and Zhan, Yang and Akshintala, Amogh and Esmet, John and Jiao, Yizheng and Mittal, Ankur and Pandey, Prashant and Reddy, Phaneendra and Walsh, Leif and Bender, Michael and Farach-Colton, Martin and Johnson, Rob and Kuszmaul, Bradley C. and Porter, Donald E.},
	month = feb,
	year = {2015},
	keywords = {obfs},
	pages = {301--315}
}

@article{sultan_container_2019,
	title = {Container {Security}: {Issues}, {Challenges}, and the {Road} {Ahead}},
	volume = {7},
	issn = {2169-3536},
	doi = {10.1109/ACCESS.2019.2911732},
	urldate = {2021-05-01},
	journal = {IEEE Access},
	author = {Sultan, Sari and Ahmad, Imtiaz and Dimitriou, Tassos},
	year = {2019},
	keywords = {obfs},
	pages = {52976--52996},
}

@inproceedings{lee_last_2008,
	address = {Salt Lake City, Utah},
	title = {{LAST}: locality-aware sector translation for {NAND} flash memory-based storage systems},
	doi = {10.1145/1453775.1453783},
	booktitle = {Proc. of the 1st {Workshop} on {Storage} and {I}/{O} virtualization, performance, energy, evaluation and dependability ({SPEED08})},
	author = {Lee, Sungjin and Shin, Dongkun and Kim, Young-Jin and Kim, Jihong},
	year = {2008},
}
