@book{lamport94,
    author    = "Leslie Lamport",
    title     = "{\LaTeX: A Document Preparation System}",
    year      = "1994",
    publisher = "Addison-Wesley",
    edition = "2nd",
    address   = "Reading, Massachusetts"
}

@inproceedings{nicepaper,
  author = "Firstname1 Lastname1 and Firstname2 Lastname2 and Firstname3 Lastname3 and Firstname4 Lastname4",
  title = "{A Very Nice Paper To Cite}",
  booktitle = {Intl.\ Symp.\ on One Thing},
  year = {2000},
  month = {July},
  pages = {200-211},
  publisher = {University of Fun},
  address = {London, UK}
}

@inproceedings{nicepaper2,
  author = "Firstname1 Lastname1 and Firstname2 Lastname2",
  title = "{Another Very Nice Paper To Cite}",
  booktitle = {Intl.\ Symp.\ on Another Thing},
  year = {2001},
  month = {May},
  pages = {12-22},
  publisher = {University of Games},
  address = {NY, USA}
}
